@article{alotaibi2012survey,
  title={A survey on routing algorithms for wireless Ad-Hoc and mesh networks},
  author={Alotaibi, Eiman and Mukherjee, Biswanath},
  journal={Computer Networks},
  volume={56},
  number={2},
  pages={940--965},
  year={2012},
  publisher={Elsevier}
}

@article{main1,
  title={Energy efficient routing protocols for mobile ad hoc networks},
  author={Yu, Chansu and Lee, Ben and Yong Youn, Hee},
  journal={Wireless communications and mobile computing},
  volume={3},
  number={8},
  pages={959--973},
  year={2003},
  publisher={John Wiley \& Sons, Ltd.},
  note={Available: \url{http://engagedscholarship.csuohio.edu/enece_facpub/53}}
}

@article{main2,
  title={Energy Efficient Routing Protocol in {MANET}},
  author={Suvarna, Nikitha V and Naik, Chandra},
  year={2013},
  note={Available: \url{http://www.ijsr.net/archive/v4i5/SUB154645.pdf}}
}

@inproceedings{chang2000energy,
  title={Energy conserving routing in wireless ad-hoc networks},
  author={Chang, Jae-Hwan and Tassiulas, Leandros},
  booktitle={INFOCOM 2000. Nineteenth Annual Joint Conference of the IEEE Computer and Communications Societies. Proceedings. IEEE},
  volume={1},
  pages={22--31},
  year={2000},
  organization={IEEE}
}

@inproceedings{li2001online,
  title={Online power-aware routing in wireless ad-hoc networks},
  author={Li, Qun and Aslam, Javed and Rus, Daniela},
  booktitle={Proceedings of the 7th annual international conference on Mobile computing and networking},
  pages={97--107},
  year={2001},
  organization={ACM}
}


@article{stojmenovic2001power,
  title={Power-aware localized routing in wireless networks},
  author={Stojmenovic, Ivan and Lin, Xu},
  journal={Parallel and Distributed Systems, IEEE Transactions on},
  volume={12},
  number={11},
  pages={1122--1133},
  year={2001},
  publisher={IEEE}
}

@article{doshi2002demand,
  title={An on-demand minimum energy routing protocol for a wireless ad hoc network},
  author={Doshi, Sheetalkumar and Bhandare, Shweta and Brown, Timothy X},
  journal={ACM SIGMOBILE Mobile Computing and Communications Review},
  volume={6},
  number={3},
  pages={50--66},
  year={2002},
  publisher={ACM}
}

@inproceedings{banerjee2002minimum,
  title={Minimum energy paths for reliable communication in multi-hop wireless networks},
  author={Banerjee, Suman and Misra, Archan},
  booktitle={Proceedings of the 3rd ACM international symposium on Mobile ad hoc networking \& computing},
  pages={146--156},
  year={2002},
  organization={ACM}
}
@inproceedings{narayanaswamy2002power,
  title={Power control in ad-hoc networks: Theory, architecture, algorithm and implementation of the {COMPOW} protocol},
  author={Narayanaswamy, Swetha and Kawadia, Vikas and Sreenivas, Ramavarapu S and Kumar, PRe},
  booktitle={European wireless conference},
  volume={2002},
  pages={156--162},
  year={2002},
  organization={Florence, Italy}
}

@inproceedings{woo2001non,
  title={Non-blocking, localized routing algorithm for balanced energy consumption in mobile ad hoc networks},
  author={Woo, Kyungtae and Yu, Chansu and Lee, Dongman and Youn, Hee Yong and Lee, Ben},
  booktitle={Modeling, Analysis and Simulation of Computer and Telecommunication Systems, 2001. Proceedings. Ninth International Symposium on},
  pages={117--124},
  year={2001},
  organization={IEEE}
}

@article{toh2001maximum,
  title={Maximum battery life routing to support ubiquitous mobile computing in wireless ad hoc networks},
  author={Toh, Chai-Keong},
  journal={Communications Magazine, IEEE},
  volume={39},
  number={6},
  pages={138--147},
  year={2001},
  publisher={IEEE}
}

@article{chen2002span,
  title={Span: An energy-efficient coordination algorithm for topology maintenance in ad hoc wireless networks},
  author={Chen, Benjie and Jamieson, Kyle and Balakrishnan, Hari and Morris, Robert},
  journal={Wireless networks},
  volume={8},
  number={5},
  pages={481--494},
  year={2002},
  publisher={Springer}
}

@inproceedings{xu2001geography,
  title={Geography-informed energy conservation for ad hoc routing},
  author={Xu, Ya and Heidemann, John and Estrin, Deborah},
  booktitle={Proceedings of the 7th annual international conference on Mobile computing and networking},
  pages={70--84},
  year={2001},
  organization={ACM}
}

@inproceedings{girling2000design,
  title={The design and implementation of a low power ad hoc protocol stack},
  author={Girling, Gray and Wa, Jennifer Li Kam and Osborn, Paul and Stefanova, Radina},
  booktitle={Wireless Communications and Networking Confernce, 2000. WCNC. 2000 IEEE},
  volume={3},
  pages={1521--1529},
  year={2000},
  organization={IEEE}
}
@article{tanque2007minimum,
  title={Minimum Energy Dynamic Source Routing Protocol for Mobile Ad Hoc Networks},
  author={Tanque, Mohammed and Islam, Rumana},
  year={2007}
}


@article{gomez2003paro,
  title={{PARO}: supporting dynamic power controlled routing in wireless ad hoc networks},
  author={Gomez, Javier and Campbell, Andrew T and Naghshineh, Mahmoud and Bisdikian, Chatschik},
  journal={Wireless Networks},
  volume={9},
  number={5},
  pages={443--460},
  year={2003},
  publisher={Springer-Verlag New York, Inc.},
  note={Available: \url{http://edge.cs.drexel.edu/regli/Classes/CS680/Papers/14.pdf}}
}

@article{djenouri2006new,
  title={New power-aware routing protocol for mobile ad hoc networks},
  author={Djenouri, Djamel and Badache, Nadjib},
  journal={International Journal of Ad Hoc and Ubiquitous Computing},
  volume={1},
  number={3},
  pages={126--136},
  year={2006},
  publisher={Inderscience Publishers}
}

@inproceedings{lindgren2002infrastructured,
  title={Infrastructured ad hoc networks},
  author={Lindgren, Anders and Schel{\'e}n, Olov},
  booktitle={Parallel Processing Workshops, 2002. Proceedings. International Conference on},
  pages={64--70},
  year={2002},
  organization={IEEE},
  note={Available: \url{http://citeseerx.ist.psu.edu/viewdoc/download?doi=10.1.1.19.1720&rep=rep1&type=pdf}}
}

@article{woesner1998power,
  title={Power-saving mechanisms in emerging standards for wireless {LAN}s: The {MAC} level perspective},
  author={Woesner, Hacen and Ebert, Jean-Pierre and Schl{\"a}ger, Morten and Wolisz, Adam},
  journal={Personal Communications, IEEE},
  volume={5},
  number={3},
  pages={40--48},
  year={1998},
  publisher={IEEE}
}

@incollection{johnson1996dynamic,
  title={Dynamic source routing in ad hoc wireless networks},
  author={Johnson, David B and Maltz, David A},
  booktitle={Mobile computing},
  pages={153--181},
  year={1996},
  publisher={Springer}
}

@article{manet-maodv-00,
  title={Multicast Ad hoc On-Demand Distance Vector ({MAODV}) Routing},
  author={Royer, Elizabeth M. and Perkins, Charles. E},
  note={Internet draft. Available: \url{https://tools.ietf.org/html/draft-ietf-manet-maodv-00}}
}

@aritcle{manet-zone-ierp-02,
  title={The Interzone Routing Protocol ({IERP}) for Ad Hoc Networks},
  author={Haas, Zygmunt J. and Pearlman, Marc R. and Salamar, Prince},
  note={Internet: \url{https://tools.ietf.org/html/draft-ietf-manet-zone-ierp-02}}
}

@article{batman-adv,
  author={Freifunk},
  title={{B.A.T.M.A.N.} Advanced},
  note={Internet: \url{https://wiki.freifunk.net/B.A.T.M.A.N._Advanced}}
}

@misc{aguayo2005srcrr,
  title={{SrcRR}: A high throughput routing protocol for 802.11 mesh networks (DRAFT)},
  author={Aguayo, Daniel and Bicket, John and Morris, Robert},
  journal={2005-11-01]. http://pdos. csail. mit. edu/\~{} rtm/srorr-draft. pdf},
  year={2005}
}
